%% This BibTeX bibliography file was created using BibDesk.
%% https://bibdesk.sourceforge.io/

%% Created for Vatsal Sanjay at 2024-12-16 18:11:35 +0100 


%% Saved with string encoding Unicode (UTF-8) 



@article{bird1980polymer,
	author = {Bird, R. B. and Dotson, P. J. and Johnson, N. L.},
	date-added = {2024-12-16 18:11:20 +0100},
	date-modified = {2024-12-16 18:11:35 +0100},
	journal = {J. Non-Newton. Fluid Mech.},
	number = {2-3},
	pages = {213--235},
	publisher = {Elsevier},
	title = {Polymer solution rheology based on a finitely extensible bead---spring chain model},
	volume = {7},
	year = {1980}}

@article{giesekus1982simple,
	author = {Giesekus, H.},
	date-added = {2024-12-16 18:09:59 +0100},
	date-modified = {2024-12-16 18:10:22 +0100},
	journal = {J. Non-Newton. Fluid Mech.},
	number = {1-2},
	pages = {69--109},
	publisher = {Elsevier},
	title = {A simple constitutive equation for polymer fluids based on the concept of deformation-dependent tensorial mobility},
	volume = {11},
	year = {1982}}

@article{de1974coil,
	author = {{de Gennes}, P.-G.},
	date-added = {2024-12-09 01:27:42 +0100},
	date-modified = {2024-12-09 01:28:12 +0100},
	journal = {J. Chem. Phys.},
	number = {12},
	pages = {5030--5042},
	publisher = {AIP Publishing},
	title = {Coil-stretch transition of dilute flexible polymers under ultrahigh velocity gradients},
	volume = {60},
	year = {1974}}

@article{gaillard2024beware,
	author = {Gaillard, A. and Herrada, M. A. and Deblais, A. and Eggers, J. and Bonn, D.},
	date-added = {2024-12-08 22:17:15 +0100},
	date-modified = {2024-12-08 22:17:34 +0100},
	journal = {Phys. Rev. Fluids},
	number = {7},
	pages = {073302},
	publisher = {APS},
	title = {Beware of {CaBER}: Filament thinning rheometry does not always give `the'relaxation time of polymer solutions},
	volume = {9},
	year = {2024}}

@article{davoodi2018secondary,
	author = {Davoodi, M. and Lerouge, S. and Norouzi, M. and Poole, R. J.},
	date-added = {2024-12-08 19:16:29 +0100},
	date-modified = {2024-12-08 19:16:45 +0100},
	journal = {J. Fluid Mech.},
	pages = {823--850},
	publisher = {Cambridge University Press},
	title = {Secondary flows due to finite aspect ratio in inertialess viscoelastic Taylor--Couette flow},
	volume = {857},
	year = {2018}}

@misc{vatsalElastoFlow2024,
	author = {V. Sanjay},
	date-added = {2024-12-08 17:25:47 +0100},
	date-modified = {2024-12-10 05:01:43 +0100},
	howpublished = {\href{https://doi.org/10.5281/zenodo.14210635}{10.5281/zenodo.14210635}},
	title = {Code repository: {Basilisk C ElastoFlow} - {C}omplete {2D/3D} Viscoelastic Framework},
	year = 2024,
	bdsk-url-1 = {https://doi.org/10.5281/zenodo.14210635}}

@article{deoclecio2023drop,
	author = {Deoclecio, L. H. P. and Soares, E. J. and Popinet, S.},
	date-added = {2024-12-08 15:42:12 +0100},
	date-modified = {2024-12-08 15:42:38 +0100},
	journal = {J. Non-Newton. Fluid},
	pages = {105075},
	publisher = {Elsevier},
	title = {Drop rise and interfacial coalescence initiation in Bingham materials},
	volume = {319},
	year = {2023}}

@article{ari2024bursting,
	author = {Balasubramanian, A. G. and Sanjay, V. and Jalaal, M. and Vinuesa, R. and Tammisola, O.},
	date-added = {2024-12-08 15:09:45 +0100},
	date-modified = {2024-12-08 15:09:55 +0100},
	doi = {10.1017/jfm.2024.1073},
	journal = {Journal of Fluid Mechanics},
	pages = {A9},
	title = {Bursting bubble in an elastoviscoplastic medium},
	volume = {1001},
	year = {2024},
	bdsk-url-1 = {https://doi.org/10.1017/jfm.2024.1073}}

@article{shi1994cascade,
	author = {Shi, X. D. and Brenner, M. P. and Nagel, S. R.},
	date-added = {2024-12-08 11:09:49 +0100},
	date-modified = {2024-12-08 11:10:00 +0100},
	journal = {Science},
	number = {5169},
	pages = {219--222},
	publisher = {American Association for the Advancement of Science},
	title = {A cascade of structure in a drop falling from a faucet},
	volume = {265},
	year = {1994}}

@article{blanco2021jets,
	author = {Blanco--Rodr{\'\i}guez, F. J. and Gordillo, J. M.},
	date-added = {2024-12-08 08:35:17 +0100},
	date-modified = {2024-12-08 08:35:43 +0100},
	journal = {J. Fluid Mech.},
	pages = {A37},
	publisher = {Cambridge University Press},
	title = {On the jets produced by drops impacting a deep liquid pool and by bursting bubbles},
	volume = {916},
	year = {2021}}

@article{cheny1996extravagant,
	author = {Cheny, J. M. and Walters, K.},
	date-added = {2024-11-23 14:42:54 +0100},
	date-modified = {2024-11-23 14:43:23 +0100},
	journal = {J. Non-Newton. Fluid Mech.},
	pages = {125--135},
	publisher = {Elsevier},
	title = {Extravagant viscoelastic effects in the Worthington jet experiment},
	volume = {67},
	year = {1996}}

@article{remmelgas1999computational,
	author = {Remmelgas, J. and Singh, P. and Leal, L. G.},
	date-added = {2024-11-23 12:59:59 +0100},
	date-modified = {2024-11-23 13:00:56 +0100},
	journal = {J. Non-Newton. Fluid Mech.},
	number = {1-2},
	pages = {31--61},
	publisher = {Elsevier},
	title = {Computational studies of nonlinear elastic dumbbell models of Boger fluids in a cross-slot flow},
	volume = {88},
	year = {1999}}

@book{plateau1873statique,
	author = {Plateau, J. A. F.},
	date-added = {2024-08-08 10:15:28 +0200},
	date-modified = {2024-08-08 10:15:43 +0200},
	publisher = {Gauthier-Villars},
	title = {Statique exp{\'e}rimentale et th{\'e}orique des liquides soumis aux seules forces mol{\'e}culaires: Tome premier},
	volume = {2},
	year = {1873}}

@article{rayleigh1878instability,
	author = {{Lord Rayleigh}},
	date-added = {2024-08-08 10:07:07 +0200},
	date-modified = {2024-08-08 10:07:34 +0200},
	journal = {Proc. Lond. Math. Soc.},
	number = {1},
	pages = {4--13},
	publisher = {Oxford University Press},
	title = {On the instability of jets},
	volume = {1},
	year = {1878}}

@inproceedings{taylor1969instability,
	author = {Taylor, G. I.},
	booktitle = {Proceedings of the Twelfth International Congress of Applied Mechanics, Stanford},
	date-added = {2024-08-08 09:50:10 +0200},
	date-modified = {2024-08-08 10:04:32 +0200},
	organization = {Springer},
	pages = {382--388},
	title = {Instability of jets, threads, and sheets of viscous fluid},
	year = {1969}}

@book{rayleigh1896theory,
	author = {{Lord Rayleigh}},
	date-added = {2024-08-08 09:46:16 +0200},
	date-modified = {2024-08-08 10:03:32 +0200},
	journal = {New York},
	publisher = {Dover},
	title = {The Theory of Sound},
	year = {1896}}

@article{stokes1845,
	author = {Stokes, G. G.},
	date-added = {2024-08-08 09:43:47 +0200},
	date-modified = {2024-08-08 09:45:25 +0200},
	journal = {Trans. Cambridge Philos. Soc.},
	pages = {287},
	title = {On the theories of the internal friction of fluids in motion, and of the equilibrium and motion of elastic solids},
	volume = {8},
	year = {1845}}

@article{matoz2020wrinkle,
	author = {Matoz-Fernandez, D. A. and Davidson, F. A. and Stanley-Wall, N. R. and Sknepnek, R.},
	date-added = {2024-08-08 09:39:19 +0200},
	date-modified = {2024-08-08 09:39:38 +0200},
	journal = {Phys. Rev. Res.},
	number = {1},
	pages = {013165},
	publisher = {APS},
	title = {Wrinkle patterns in active viscoelastic thin sheets},
	volume = {2},
	year = {2020}}

@article{lee2024buckling,
	author = {Lee, C. L. and Dalnoki-Veress, K.},
	date-added = {2024-08-08 09:37:11 +0200},
	date-modified = {2024-08-08 09:37:36 +0200},
	journal = {Phys. Rev. Res.},
	number = {2},
	pages = {L022062},
	publisher = {APS},
	title = {Buckling instability in a chain of sticky bubbles},
	volume = {6},
	year = {2024}}

@article{schmalholz1999buckling,
	author = {Schmalholz, S. M. and Podladchikov, Y.},
	date-added = {2024-08-08 09:35:02 +0200},
	date-modified = {2024-08-08 09:35:24 +0200},
	journal = {Geophys. Res. Lett.},
	number = {17},
	pages = {2641--2644},
	publisher = {Wiley Online Library},
	title = {Buckling versus folding: importance of viscoelasticity},
	volume = {26},
	year = {1999}}

@article{gaillard2024does,
	author = {Gaillard, A. and Herrada, M. A. and Deblais, A. and {van Poelgeest}, C. and Laruelle, L. and Eggers, J. and Bonn, D.},
	date-added = {2024-08-08 09:17:24 +0200},
	date-modified = {2024-08-10 16:02:32 +0200},
	journal = {arXiv preprint arXiv:2406.02303},
	title = {When does the elastic regime begin in viscoelastic pinch-off?},
	year = {2024}}

@book{timoshenko2012theory,
	author = {Timoshenko, S. P. and Gere, J. M.},
	date-added = {2024-08-08 09:15:00 +0200},
	date-modified = {2024-08-08 09:15:10 +0200},
	publisher = {Courier Corporation},
	title = {Theory of elastic stability},
	year = {2012}}

@article{le2012buckling,
	author = {Le Merrer, M. and Qu{\'e}r{\'e}, D. and Clanet, C.},
	date-added = {2024-08-08 09:13:49 +0200},
	date-modified = {2024-08-08 09:14:03 +0200},
	journal = {Phys. Rev. Lett.},
	number = {6},
	pages = {064502},
	publisher = {APS},
	title = {Buckling of viscous filaments of a fluid under compression stresses},
	volume = {109},
	year = {2012}}

@article{davidovitch2024viscous,
	author = {Davidovitch, B. and Klein, A.},
	date-added = {2024-08-08 09:11:23 +0200},
	date-modified = {2024-08-08 09:12:56 +0200},
	journal = {{Proc. Natl. Acad. Sci. USA}},
	number = {32},
	pages = {e2310195121},
	publisher = {National Academy of Sciences},
	title = {How viscous bubbles collapse: Topological and symmetry-breaking instabilities in curvature-driven hydrodynamics},
	volume = {121},
	year = {2024}}

@article{moschopoulos2021concept,
	author = {Moschopoulos, P. and Spyridakis, A. and Varchanis, S. and Dimakopoulos, Y. and Tsamopoulos, J.},
	date-added = {2024-08-08 09:04:19 +0200},
	date-modified = {2024-08-08 09:05:06 +0200},
	journal = {J. Non-Newton. Fluid Mech.},
	pages = {104670},
	publisher = {Elsevier},
	title = {The concept of elasto-visco-plasticity and its application to a bubble rising in yield stress fluids},
	volume = {297},
	year = {2021}}

@article{beris1985creeping,
	author = {Beris, A. N. and Tsamopoulos, J. A. and Armstrong, R. C. and Brown, R. A.},
	date-added = {2024-08-08 09:01:23 +0200},
	date-modified = {2024-08-08 09:01:37 +0200},
	journal = {J. Fluid Mech.},
	pages = {219--244},
	publisher = {Cambridge University Press},
	title = {Creeping motion of a sphere through a Bingham plastic},
	volume = {158},
	year = {1985}}

@article{dekker2022elasticity,
	author = {Dekker, P. J. and Hack, M. A. and Tewes, W. and Datt, C. and Bouillant, A. and Snoeijer, J. H.},
	date-added = {2024-08-08 06:22:15 +0200},
	date-modified = {2024-08-08 06:22:34 +0200},
	journal = {Phys. Rev. Lett.},
	number = {2},
	pages = {028004},
	publisher = {APS},
	title = {When elasticity affects drop coalescence},
	volume = {128},
	year = {2022}}

@article{bouillant2022rapid,
	author = {Bouillant, A. and Dekker, P. J. and Hack, M. A. and Snoeijer, J. H.},
	date-added = {2024-08-08 06:20:48 +0200},
	date-modified = {2024-08-08 06:21:06 +0200},
	journal = {Phys. Rev. Fluids},
	number = {12},
	pages = {123604},
	publisher = {APS},
	title = {Rapid viscoelastic spreading},
	volume = {7},
	year = {2022}}

@article{oratis2023coalescence,
	author = {Oratis, A. T. and Bertin, V. and Snoeijer, J. H.},
	date-added = {2024-08-08 06:16:39 +0200},
	date-modified = {2024-08-08 06:16:55 +0200},
	journal = {Phys. Rev. Fluids},
	number = {8},
	pages = {083603},
	publisher = {APS},
	title = {Coalescence of bubbles in a viscoelastic liquid},
	volume = {8},
	year = {2023}}

@article{fraggedakis2016velocity,
	author = {Fraggedakis, D. and Pavlidis, M. and Dimakopoulos, Y. and Tsamopoulos, J.},
	date-added = {2024-08-08 05:44:03 +0200},
	date-modified = {2024-08-08 05:44:23 +0200},
	journal = {J. Fluid Mech.},
	pages = {310--346},
	publisher = {Cambridge University Press},
	title = {On the velocity discontinuity at a critical volume of a bubble rising in a viscoelastic fluid},
	volume = {789},
	year = {2016}}

@article{varchanis2022numerical,
	author = {Varchanis, S. and Tsamopoulos, J.},
	date-added = {2024-08-08 05:42:02 +0200},
	date-modified = {2024-08-08 05:42:38 +0200},
	journal = {{Science Talks}},
	pages = {100053},
	publisher = {Elsevier},
	title = {Numerical simulations of interfacial and elastic instabilities},
	volume = {3},
	year = {2022}}

@article{cabalganteeffect,
	author = {Cabalgante-Corralesa, E. and Munoz-S{\'a}ncheza, B. N. and L{\'o}pez-Herrerab, J. M. and Cabezasa, M. G. and Vegaa, E. J. and Montaneroa, J. M.},
	date-added = {2024-08-08 05:22:36 +0200},
	date-modified = {2024-08-08 05:27:06 +0200},
	journal = {{preprint, ResearchGate}},
	title = {Effect of the polymer viscosity on the Worthington jet produced by bubble bursting in weakly viscoelastic liquids},
	year = {2024}}

@article{oratis2020new,
	author = {Oratis, A. T. and Bush, J. W. M. and Stone, H. A. and Bird, J. C.},
	journal = {Science},
	number = {6504},
	pages = {685--688},
	publisher = {AAAS},
	title = {A new wrinkle on liquid sheets: Turning the mechanism of viscous bubble collapse upside down},
	volume = {369},
	year = {2020}}

@article{debregeas1998life,
	author = {Debr{\'e}geas, G. D. and {de Gennes}, P.-G. and {Brochard-Wyart}, F.},
	date-modified = {2024-08-10 16:03:26 +0200},
	journal = {Science},
	number = {5357},
	pages = {1704--1707},
	publisher = {AAAS},
	title = {The life and death of ``bare" viscous bubbles},
	volume = {279},
	year = {1998}}

@article{oratis2024unifying,
	author = {Oratis, A. T. and Dijs, K. and Lajoinie, G. and Versluis, M. and Snoeijer, J. H.},
	journal = {J. Acoust. Soc. Am.},
	number = {2},
	pages = {1593--1605},
	publisher = {AIP Publishing},
	title = {A unifying Rayleigh-Plesset-type equation for bubbles in viscoelastic media},
	volume = {155},
	year = {2024}}

@article{dollet2019bubble,
	author = {Dollet, B. and Marmottant, P. and Garbin, V.},
	journal = {Annu. Rev. Fluid Mech.},
	number = {1},
	pages = {331--355},
	publisher = {Annual Reviews},
	title = {Bubble dynamics in soft and biological matter},
	volume = {51},
	year = {2019}}

@article{sen2024elastocapillary,
	author = {Sen, U. and Zinelis, K. and Sanjay, V. and Matar, O. K. and Lohse, Detlef and Jalaal, Maziyar},
	date-added = {2024-08-03 15:32:58 +0200},
	date-modified = {2024-08-03 15:34:10 +0200},
	journal = {arXiv preprint arXiv:2207.07928},
	title = {Elastocapillary worthington jets},
	year = {2024}}

@article{sen2021retraction,
	author = {Sen, U. and Datt, C. and Segers, T. and Wijshoff, H. and Snoeijer, J. H. and Versluis, M. and Lohse, D.},
	date-added = {2024-08-03 15:32:17 +0200},
	date-modified = {2024-08-03 15:32:35 +0200},
	journal = {J. Fluid Mech.},
	pages = {A25},
	publisher = {Cambridge University Press},
	title = {The retraction of jetted slender viscoelastic liquid filaments},
	volume = {929},
	year = {2021}}

@article{varchanis2019modeling,
	author = {Varchanis, S. and Makrigiorgos, G. and Moschopoulos, P. and Dimakopoulos, Y. and Tsamopoulos, J.},
	date-added = {2024-07-22 14:39:26 +0200},
	date-modified = {2024-07-22 14:41:47 +0200},
	journal = {J. Rheol.},
	number = {4},
	pages = {609--639},
	publisher = {AIP Publishing},
	title = {Modeling the rheology of thixotropic elasto-visco-plastic materials},
	volume = {63},
	year = {2019}}

@article{putz2009solid,
	author = {Putz, A. M. V. and Burghelea, T. I.},
	date-added = {2024-07-22 14:37:51 +0200},
	date-modified = {2024-07-22 14:38:34 +0200},
	journal = {Rheol. Acta},
	pages = {673--689},
	publisher = {Springer},
	title = {The solid--fluid transition in a yield stress shear thinning physical gel},
	volume = {48},
	year = {2009}}

@article{balci2011symmetric,
	author = {Balci, N. and Thomases, B. and Renardy, M. and Doering, C. R.},
	date-added = {2024-07-22 14:32:10 +0200},
	date-modified = {2024-07-22 14:32:42 +0200},
	journal = {J. Non-Newtonian Fluid Mech.},
	number = {11},
	pages = {546--553},
	publisher = {Elsevier},
	title = {Symmetric factorization of the conformation tensor in viscoelastic fluid models},
	volume = {166},
	year = {2011}}

@article{alves2001flow,
	author = {Alves, M. A. and Pinho, F. T. and Oliveira, P. J.},
	date-added = {2024-07-22 14:28:18 +0200},
	date-modified = {2024-07-22 14:28:51 +0200},
	journal = {J. Non-Newtonian Fluid Mech.},
	number = {2-3},
	pages = {207--232},
	publisher = {Elsevier},
	title = {The flow of viscoelastic fluids past a cylinder: finite-volume high-resolution methods},
	volume = {97},
	year = {2001}}

@article{goren1982surface,
	author = {Goren, S. L. and Gottlieb, M.},
	date-added = {2024-07-22 14:25:59 +0200},
	date-modified = {2024-07-22 14:26:37 +0200},
	journal = {J. Fluid Mech.},
	pages = {245--266},
	publisher = {Cambridge University Press},
	title = {Surface-tension-driven breakup of viscoelastic liquid threads},
	volume = {120},
	year = {1982}}

@article{eggers1997nonlinear,
	author = {Eggers, J.},
	date-added = {2024-07-22 14:23:23 +0200},
	date-modified = {2024-07-22 14:23:57 +0200},
	journal = {Rev. Mod. Phys.},
	number = {3},
	pages = {865},
	publisher = {APS},
	title = {Nonlinear dynamics and breakup of free-surface flows},
	volume = {69},
	year = {1997}}

@article{poole2007purely,
	author = {Poole, R. J. and Alves, M. A. and Oliveira, P. J.},
	date-added = {2024-07-22 14:16:08 +0200},
	date-modified = {2024-12-08 19:18:12 +0100},
	journal = {Phys. Rev. Lett.},
	number = {16},
	pages = {164503},
	publisher = {APS},
	title = {Purely elastic flow asymmetries},
	volume = {99},
	year = {2007}}

@article{alves2021numerical,
	author = {Alves, M. A. and Oliveira, P. J. and Pinho, F. T.},
	date-added = {2024-07-22 14:12:12 +0200},
	date-modified = {2024-07-22 14:13:22 +0200},
	journal = {Annu. Rev. Fluid Mech.},
	number = {1},
	pages = {509--541},
	publisher = {Annual Reviews},
	title = {Numerical methods for viscoelastic fluid flows},
	volume = {53},
	year = {2021}}

@article{fan1999galerkin,
	author = {Fan, Y. and Tanner, R. I. and Phan-Thien, N.},
	date-added = {2024-07-22 13:59:09 +0200},
	date-modified = {2024-07-22 13:59:40 +0200},
	journal = {J. Non-Newtonian Fluid Mech.},
	number = {2-3},
	pages = {233--256},
	publisher = {Elsevier},
	title = {Galerkin/least-square finite-element methods for steady viscoelastic flows},
	volume = {84},
	year = {1999}}

@book{yarin1993free,
	author = {Yarin, A. L.},
	date-added = {2024-07-22 13:54:06 +0200},
	date-modified = {2024-07-22 13:55:33 +0200},
	publisher = {Longman Scientific and Technical},
	title = {Free liquid jets and films: hydrodynamics and rheology},
	year = {1993}}

@article{chang1999iterated,
	author = {Chang, H. and Demekhin, E. A. and Kalaidin, E.},
	date-added = {2024-07-22 13:49:22 +0200},
	date-modified = {2024-07-22 13:50:03 +0200},
	journal = {Phys. Fluids},
	number = {7},
	pages = {1717--1737},
	publisher = {American Institute of Physics},
	title = {Iterated stretching of viscoelastic jets},
	volume = {11},
	year = {1999}}

@article{middleman1965stability,
	author = {Middleman, S.},
	date-added = {2024-07-22 13:46:18 +0200},
	date-modified = {2024-07-22 13:46:42 +0200},
	journal = {Chem. Eng. Sci.},
	number = {12},
	pages = {1037--1040},
	publisher = {Elsevier},
	title = {Stability of a viscoelastic jet},
	volume = {20},
	year = {1965}}

@article{anna2001elasto,
	author = {Anna, S. L. and McKinley, G. H.},
	date-added = {2024-07-22 13:39:23 +0200},
	date-modified = {2024-07-22 13:39:55 +0200},
	journal = {J. Rheol.},
	number = {1},
	pages = {115--138},
	publisher = {The Society of Rheology},
	title = {Elasto-capillary thinning and breakup of model elastic liquids},
	volume = {45},
	year = {2001}}

@article{bousfield1986nonlinear,
	author = {Bousfield, D. W. and Keunings, R. and Marrucci, G. and Denn, M. M.},
	date-added = {2024-07-22 13:38:14 +0200},
	date-modified = {2024-07-22 13:38:54 +0200},
	journal = {J. Non-Newtonian Fluid Mech.},
	number = {1},
	pages = {79--97},
	publisher = {Elsevier},
	title = {Nonlinear analysis of the surface tension driven breakup of viscoelastic filaments},
	volume = {21},
	year = {1986}}

@article{bogy1979drop,
	author = {Bogy, D. B.},
	date-added = {2024-07-22 13:36:02 +0200},
	date-modified = {2024-07-22 13:36:39 +0200},
	journal = {Annu. Rev. Fluid Mech.},
	pages = {207--228},
	title = {Drop formation in a circular liquid jet},
	volume = {11},
	year = {1979}}

@article{chen1991interfacial,
	author = {Chen, K.},
	date-added = {2024-07-22 12:06:08 +0200},
	date-modified = {2024-07-22 12:06:41 +0200},
	journal = {J. Non-Newtonian Fluid Mech.},
	number = {2},
	pages = {155--175},
	publisher = {Elsevier},
	title = {Interfacial instability due to elastic stratification in concentric coextrusion of two viscoelastic fluids},
	volume = {40},
	year = {1991}}

@article{hinch1993flow,
	author = {Hinch, E. J.},
	date-added = {2024-07-22 12:02:20 +0200},
	date-modified = {2024-07-22 12:03:11 +0200},
	journal = {J. Non-Newtonian Fluid Mech.},
	number = {2-3},
	pages = {161--171},
	publisher = {Elsevier},
	title = {The flow of an Oldroyd fluid around a sharp corner},
	volume = {50},
	year = {1993}}

@article{francca2024elasto,
	author = {Fran{\c{c}}a, H. L. and Jalaal, M. and Oishi, C. M.},
	date-added = {2024-07-22 07:47:42 +0200},
	date-modified = {2024-07-22 11:51:16 +0200},
	journal = {Phys. Rev. Res.},
	number = {1},
	pages = {013226},
	publisher = {APS},
	title = {Elasto-viscoplastic spreading: From plastocapillarity to elastocapillarity},
	volume = {6},
	year = {2024}}

@article{lopez2019adaptive,
	author = {L{\'o}pez-Herrera, J.-M. and Popinet, S. and Castrej{\'o}n-Pita, A.-A.},
	date-added = {2024-07-21 23:53:55 +0200},
	date-modified = {2024-07-21 23:55:26 +0200},
	journal = {J. Non-Newton. Fluid Mech.},
	pages = {144--158},
	publisher = {Elsevier},
	title = {An adaptive solver for viscoelastic incompressible two-phase problems applied to the study of the splashing of weakly viscoelastic droplets},
	volume = {264},
	year = {2019}}

@article{pierre2022influence,
	author = {Pierre, J. and Poujol, M. and S{\'e}on, T.},
	date-added = {2024-07-17 09:26:50 +0200},
	date-modified = {2024-07-17 09:27:06 +0200},
	journal = {Phys. Rev. Fluids},
	number = {7},
	pages = {073602},
	publisher = {APS},
	title = {Influence of surfactant concentration on drop production by bubble bursting},
	volume = {7},
	year = {2022}}

@article{pico2024drop,
	author = {Pico, P. P. and Kahouadji, L. L. and Shin, S. S. and Chergui, J. J. and Juric, D. D. and Matar, O. K.},
	date-added = {2024-07-17 09:25:50 +0200},
	date-modified = {2024-07-17 09:26:05 +0200},
	journal = {Phys. Rev. Fluids},
	number = {3},
	pages = {034001},
	publisher = {APS},
	title = {Drop encapsulation and bubble bursting in surfactant-laden flows in capillary channels},
	volume = {9},
	year = {2024}}

@article{constante2021dynamics,
	author = {Constante-Amores, C. R. and Kahouadji, L. and Batchvarov, A. and Shin, S. and Chergui, J. and Juric, D. and Matar, O. K.},
	date-added = {2024-07-17 09:10:47 +0200},
	date-modified = {2024-07-17 09:11:09 +0200},
	journal = {J. Fluid Mech.},
	pages = {A57},
	publisher = {Cambridge University Press},
	title = {Dynamics of a surfactant-laden bubble bursting through an interface},
	volume = {911},
	year = {2021}}

@article{yang2023enhanced,
	author = {Yang, Z. and Ji, B. and Ault, J. T. and Feng, J.},
	date-added = {2024-07-17 09:09:00 +0200},
	date-modified = {2024-07-17 09:09:26 +0200},
	journal = {Nat. Phys.},
	number = {6},
	pages = {884--890},
	publisher = {Nature Publishing Group UK London},
	title = {Enhanced singular jet formation in oil-coated bubble bursting},
	volume = {19},
	year = {2023}}

@article{hinch2024fast,
	author = {Hinch, J. E. and Boyko, E. and Stone, H. A.},
	date-added = {2024-07-16 21:42:25 +0200},
	date-modified = {2024-07-16 21:42:40 +0200},
	journal = {J. Fluid Mech.},
	pages = {A11},
	publisher = {Cambridge University Press},
	title = {Fast flow of an Oldroyd-B model fluid through a narrow slowly varying contraction},
	volume = {988},
	year = {2024}}

@article{marchand2011surface,
	author = {Marchand, A. and Weijs, J. H. and Snoeijer, J. H. and Andreotti, B.},
	date-added = {2024-07-15 12:55:34 +0200},
	date-modified = {2024-07-15 12:56:14 +0200},
	journal = {Am. J. Phys.},
	number = {10},
	pages = {999--1008},
	publisher = {AIP Publishing},
	title = {Why is surface tension a force parallel to the interface?},
	volume = {79},
	year = {2011}}

@phdthesis{munro2019coalescence,
	author = {Munro, J.},
	date-added = {2024-07-15 12:52:50 +0200},
	date-modified = {2024-07-15 12:57:05 +0200},
	school = {{Univeristy of Cambridge}},
	title = {Coalescence of bubbles and drops},
	year = {2019}}

@article{bergmann2009controlled,
	author = {Bergmann, R. and {van der Meer}, D. and Gekle, S. and {van der Bos}, A. and Lohse, D.},
	date-added = {2024-07-15 10:09:47 +0200},
	date-modified = {2024-08-10 16:01:45 +0200},
	journal = {J. Fluid Mech.},
	pages = {381--409},
	publisher = {Cambridge University Press},
	title = {Controlled impact of a disk on a water surface: cavity dynamics},
	volume = {633},
	year = {2009}}

@article{peters2013air,
	author = {Peters, I. R. and Gekle, S. and Lohse, D. and {van der Meer}, D.},
	date-added = {2024-07-15 10:08:18 +0200},
	date-modified = {2024-08-10 15:59:44 +0200},
	journal = {Phys. Fluids},
	number = {3},
	publisher = {AIP Publishing},
	title = {Air flow in a collapsing cavity},
	volume = {25},
	year = {2013}}

@article{bergmann2006giant,
	author = {Bergmann, R. and {van der Meer}, D. and Stijnman, M. and Sandtke, M. and Prosperetti, A. and Lohse, D.},
	date-added = {2024-07-15 10:06:59 +0200},
	date-modified = {2024-08-10 16:00:04 +0200},
	journal = {Phys. Rev. Lett.},
	number = {15},
	pages = {154505},
	publisher = {APS},
	title = {Giant bubble pinch-off},
	volume = {96},
	year = {2006}}

@article{driessen2013stability,
	author = {Driessen, T. J. and Jeurissen, R. and Wijshoff, H. and Toschi, F. and Lohse, D.},
	date-added = {2024-07-14 16:40:09 +0200},
	date-modified = {2024-07-14 16:40:42 +0200},
	journal = {Phys. Fluids},
	number = {6},
	publisher = {AIP Publishing},
	title = {Stability of viscous long liquid filaments},
	volume = {25},
	year = {2013}}

@article{BertinSanjay2024,
	author = {Bertin, V. and Sanjay, V. and Oratis, A. T. and Snoeijer, J. H.},
	date-added = {2024-07-12 16:47:40 +0200},
	date-modified = {2024-07-12 16:50:58 +0200},
	journal = {Working paper},
	title = {Elastic {Taylor--Culick} retractions},
	year = {2024}}

@article{yang2020multitude,
	author = {Yang, Z. Q. and Tian, Y. S. and Thoroddsen, S. T.},
	date-added = {2024-07-12 16:26:19 +0200},
	date-modified = {2024-07-12 16:26:33 +0200},
	journal = {J. Fluid Mech.},
	pages = {A19},
	publisher = {Cambridge University Press},
	title = {Multitude of dimple shapes can produce singular jets during the collapse of immiscible drop-impact craters},
	volume = {904},
	year = {2020}}

@article{lohse2003bubble,
	author = {Lohse, D.},
	date-added = {2024-07-12 16:23:03 +0200},
	date-modified = {2024-07-12 16:23:11 +0200},
	journal = {Physics Today},
	number = {2},
	pages = {36--41},
	publisher = {AIP Publishing},
	title = {Bubble puzzles},
	volume = {56},
	year = {2003}}

@article{zeff2000singularity,
	author = {Zeff, B. W. and Kleber, B. and Fineberg, J. and Lathrop, D. P.},
	date-added = {2024-07-12 15:57:20 +0200},
	date-modified = {2024-07-12 15:57:36 +0200},
	journal = {Nature},
	number = {6768},
	pages = {401--404},
	publisher = {Nature Publishing Group UK London},
	title = {Singularity dynamics in curvature collapse and jet eruption on a fluid surface},
	volume = {403},
	year = {2000}}

@article{pandey2021elastic,
	author = {Pandey, A. and Kansal, M. and Herrada, M. A. and Eggers, J. and Snoeijer, J. H.},
	date-added = {2024-07-12 15:13:10 +0200},
	date-modified = {2024-07-12 15:13:59 +0200},
	journal = {{Soft Matter}},
	number = {20},
	pages = {5148--5161},
	publisher = {Royal Society of Chemistry},
	title = {Elastic {Rayleigh--Plateau} instability: dynamical selection of nonlinear states},
	volume = {17},
	year = {2021}}

@article{kant2023bag,
	author = {Kant, P. P. and Pairetti, C. C. and Saade, Y. Y. and Popinet, S. S. and Zaleski, S. S. and Lohse, D. D.},
	date-added = {2024-07-12 09:42:45 +0200},
	date-modified = {2024-07-12 09:43:07 +0200},
	journal = {Phys. Rev. Fluids},
	number = {7},
	pages = {074802},
	publisher = {APS},
	title = {Bag-mediated film atomization in a cough machine},
	volume = {8},
	year = {2023}}

@article{chirco2022manifold,
	author = {Chirco, L. and Maarek, J. and Popinet, S. and Zaleski, S.},
	date-added = {2024-07-12 09:41:24 +0200},
	date-modified = {2024-07-12 09:42:04 +0200},
	journal = {J. Comput. Phys.},
	pages = {111468},
	publisher = {Elsevier},
	title = {Manifold death: a volume of fluid implementation of controlled topological changes in thin sheets by the signature method},
	volume = {467},
	year = {2022}}

@article{turkoz2018axisymmetric,
	author = {Turkoz, E. and Lopez-Herrera, J. M. and Eggers, J. and Arnold, C. B. and Deike, L.},
	date-added = {2024-07-12 08:27:05 +0200},
	date-modified = {2024-07-12 08:27:25 +0200},
	journal = {J. Fluid Mech.},
	pages = {R2},
	publisher = {Cambridge University Press},
	title = {Axisymmetric simulation of viscoelastic filament thinning with the Oldroyd-B model},
	volume = {851},
	year = {2018}}

@article{turkoz2021simulation,
	author = {Turkoz, E. and Stone, H. A. and Arnold, C. B. and Deike, L.},
	date-added = {2024-07-12 08:26:29 +0200},
	date-modified = {2024-07-12 08:26:52 +0200},
	journal = {J. Fluid Mech.},
	pages = {A14},
	publisher = {Cambridge University Press},
	title = {Simulation of impulsively induced viscoelastic jets using the Oldroyd-B model},
	volume = {911},
	year = {2021}}

@article{hinch2021oldroyd,
	author = {Hinch, J. and Harlen, O.},
	date-added = {2024-07-09 23:35:29 +0200},
	date-modified = {2024-07-09 23:36:07 +0200},
	journal = {J. Non-Newton. Fluid Mech.},
	pages = {104668},
	publisher = {Elsevier},
	title = {{Oldroyd B, and not A?}},
	volume = {298},
	year = {2021}}

@article{eggers2020self,
	author = {Eggers, J. A. and Herrada, M. A. and Snoeijer, J. H.},
	date-added = {2024-07-09 23:17:47 +0200},
	date-modified = {2024-07-09 23:18:09 +0200},
	journal = {J. Fluid Mech.},
	pages = {A19},
	publisher = {Cambridge University Press},
	title = {Self-similar breakup of polymeric threads as described by the Oldroyd-B model},
	volume = {887},
	year = {2020}}

@article{trouton1906coefficient,
	author = {Trouton, F. T.},
	date-added = {2024-07-09 23:05:47 +0200},
	date-modified = {2024-07-09 23:08:40 +0200},
	journal = {Proc. R. Soc. Lond.},
	number = {519},
	pages = {426--440},
	publisher = {The Royal Society London},
	title = {On the coefficient of viscous traction and its relation to that of viscosity},
	volume = {77},
	year = {1906}}

@article{mckinley2002filament,
	author = {McKinley, G. H. and Sridhar, T.},
	date-added = {2024-07-09 22:59:12 +0200},
	date-modified = {2024-07-09 22:59:32 +0200},
	journal = {Annu. Rev. Fluid Mech.},
	number = {1},
	pages = {375--415},
	publisher = {Annual Reviews},
	title = {Filament-stretching rheometry of complex fluids},
	volume = {34},
	year = {2002}}

@article{yamani2023master,
	author = {Yamani, S. and McKinley, G. H.},
	date-added = {2024-07-09 22:54:08 +0200},
	date-modified = {2024-07-09 22:55:02 +0200},
	journal = {J. Non-Newton. Fluid Mech.},
	pages = {104944},
	publisher = {Elsevier},
	title = {Master curves for {FENE-P} fluids in steady shear flow},
	volume = {313},
	year = {2023}}

@book{tanner2000engineering,
	author = {Tanner, R. I.},
	date-added = {2024-07-09 22:29:37 +0200},
	date-modified = {2024-07-09 22:29:46 +0200},
	publisher = {OUP Oxford},
	title = {Engineering rheology},
	volume = {52},
	year = {2000}}

@article{saramito2007,
	author = {Saramito, P.},
	date-added = {2024-07-09 20:58:53 +0200},
	date-modified = {2024-07-09 20:58:53 +0200},
	journal = {J. Non-Newtonian Fluid Mech.},
	number = {1},
	pages = {1--14},
	publisher = {Elsevier},
	title = {A new constitutive equation for elastoviscoplastic fluid flows},
	volume = {145},
	year = {2007}}

@article{boyko2024perspective,
	author = {Boyko, E. and Stone, H. A.},
	date-added = {2024-07-09 08:17:01 +0200},
	date-modified = {2024-07-09 08:17:31 +0200},
	journal = {J. Eng. Math.},
	number = {1},
	pages = {1--18},
	publisher = {Springer},
	title = {Perspective on the description of viscoelastic flows via continuum elastic dumbbell models},
	volume = {147},
	year = {2024}}

@article{princen1963shape,
	author = {Princen, H. M.},
	date-added = {2024-07-06 17:18:47 +0200},
	date-modified = {2024-07-06 17:19:41 +0200},
	journal = {J. Colloid Sci.},
	number = {2},
	pages = {178--195},
	publisher = {Elsevier},
	title = {Shape of a fluid drop at a liquid-liquid interface},
	volume = {18},
	year = {1963}}

@article{singh2021dynamics,
	author = {Singh, D. and Das, A. K.},
	date-added = {2024-07-06 16:28:56 +0200},
	date-modified = {2024-07-06 16:29:27 +0200},
	journal = {Phys. Fluids},
	number = {5},
	publisher = {AIP Publishing},
	title = {Dynamics of inner gas during the bursting of a bubble at the free surface},
	volume = {33},
	year = {2021}}

@article{dasouqi2022effect,
	author = {Dasouqi, A. A. and Ghossein, J. and Murphy, D. W.},
	date-added = {2024-07-06 16:26:43 +0200},
	date-modified = {2024-07-06 16:27:32 +0200},
	journal = {Exp. Fluids},
	number = {1},
	pages = {39},
	publisher = {Springer},
	title = {The effect of liquid properties on the release of gas from bursting bubbles},
	volume = {63},
	year = {2022}}

@article{kayal2024focusing,
	author = {Kayal, L. and Sanjay, V. and Yewale, N. and Kumar, A. and Dasgupta, R.},
	date-added = {2024-07-05 05:14:09 +0200},
	date-modified = {2024-07-05 05:14:22 +0200},
	journal = {arXiv preprint arXiv:2406.05416},
	title = {Focusing of concentric free-surface waves},
	year = {2024}}

@article{dubitsky2023effects,
	author = {Dubitsky, L. and Stokes, M. D. and Deane, G. B. and Bird, J. C.},
	date-added = {2024-07-05 05:01:43 +0200},
	date-modified = {2024-07-05 05:02:39 +0200},
	journal = {J. Geophys. Res. Atmos.},
	number = {10},
	pages = {e2022JD038222},
	publisher = {Wiley Online Library},
	title = {Effects of salinity beyond coalescence on submicron aerosol distributions},
	volume = {128},
	year = {2023}}

@article{dubitsky2023enrichment,
	author = {Dubitsky, L. and McRae, O. and Bird, J. C.},
	date-added = {2024-07-05 04:53:21 +0200},
	date-modified = {2024-07-05 04:53:39 +0200},
	journal = {Phys. Rev. Lett.},
	number = {5},
	pages = {054001},
	publisher = {APS},
	title = {Enrichment of scavenged particles in jet drops determined by bubble size and particle position},
	volume = {130},
	year = {2023}}

@book{worthington1908study,
	author = {Worthington, A. M.},
	date-added = {2024-07-05 04:47:51 +0200},
	date-modified = {2024-07-05 04:47:51 +0200},
	file = {:books/worthington(1908).pdf:PDF},
	publisher = {London: Longman, Green and Co},
	title = {A study of splashes},
	year = {1908}}

@article{worthington1877xxviii,
	author = {Worthington, A. M.},
	date-added = {2024-07-05 04:46:46 +0200},
	date-modified = {2024-07-05 04:47:21 +0200},
	journal = {Proc. R. Soc. Lond.},
	number = {171-178},
	pages = {261--272},
	publisher = {The Royal Society London},
	title = {{On} the forms assumed by drops of liquids falling vertically on a horizontal plate},
	volume = {25},
	year = {1877}}

@article{knelman1954mechanism,
	author = {Knelman, F. and Dombrowski, N. and Newitt, D. M.},
	date-added = {2024-07-05 04:14:26 +0200},
	date-modified = {2024-07-05 04:14:46 +0200},
	journal = {Nature},
	number = {4397},
	pages = {261--261},
	publisher = {Nature Publishing Group UK London},
	title = {Mechanism of the bursting of bubbles},
	volume = {173},
	year = {1954}}

@article{bartlett2023universal,
	author = {Bartlett, C. and Oratis, A. T. and Santin, M. and Bird, J. C.},
	date-added = {2024-07-05 04:04:10 +0200},
	date-modified = {2024-07-20 15:53:42 +0200},
	journal = {Nat. Commun.},
	number = {1},
	pages = {877},
	publisher = {Nature Publishing Group UK London},
	title = {Universal non-monotonic drainage in large bare viscous bubbles},
	volume = {14},
	year = {2023}}

@article{snoeijer2025coalescence,
	author = {Eggers, J. H. and Sprittles, J. E. and Snoeijer, J.},
	date-added = {2024-07-05 04:03:22 +0200},
	date-modified = {2024-07-08 14:12:33 +0200},
	journal = {Annu. Rev. Fluid Mech.},
	publisher = {Annual Reviews},
	title = {Coalescence dynamics},
	year = {2025}}

@article{daneshi2024growth,
	author = {Daneshi, M. and Frigaard, I. A.},
	date-added = {2024-07-05 04:01:43 +0200},
	date-modified = {2024-07-05 04:02:13 +0200},
	journal = {J. Non-Newton. Fluid Mech.},
	pages = {105217},
	publisher = {Elsevier},
	title = {Growth and static stability of bubble clouds in yield stress fluids},
	volume = {327},
	year = {2024}}

@article{lin1970mechanisms,
	author = {Lin, T. J.},
	date-added = {2024-07-05 04:01:02 +0200},
	date-modified = {2024-07-05 04:01:11 +0200},
	journal = {J. Soc. Cosmet. Chem},
	number = {6},
	pages = {323--337},
	publisher = {Citeseer},
	title = {Mechanisms and control of gas bubble formation in cosmetics},
	volume = {22},
	year = {1970}}

@article{mathijssen2023culinary,
	author = {Mathijssen, A. J. T. M. and Lisicki, M. and Prakash, V. N. and Mossige, E. J. L.},
	date-added = {2024-07-05 03:53:03 +0200},
	date-modified = {2024-07-05 03:54:00 +0200},
	journal = {Rev. Mod. Phys.},
	number = {2},
	pages = {025004},
	publisher = {APS},
	title = {Culinary fluid mechanics and other currents in food science},
	volume = {95},
	year = {2023}}

@article{culick-1960-japplphys,
	author = {Culick, F. E. C.},
	date-added = {2024-07-05 03:43:08 +0200},
	date-modified = {2024-07-05 03:43:08 +0200},
	journal = {J. Appl. Phys.},
	pages = {1128-1129},
	title = {Comments on a ruptured soap film},
	volume = {31},
	year = {1960}}

@article{taylor1959dynamics,
	author = {Taylor, G. I.},
	date-added = {2024-07-05 03:42:59 +0200},
	date-modified = {2024-07-05 04:23:29 +0200},
	journal = {Proc. R. Soc. Lond.},
	number = {1274},
	pages = {289--295},
	publisher = {The Royal Society London},
	title = {The dynamics of thin-sheets of fluid. I. {Water bells}},
	volume = {253},
	year = {1959}}

@article{taylor-1959-procrsoclonda,
	author = {Taylor, G. I.},
	date-added = {2024-07-05 03:42:55 +0200},
	date-modified = {2024-07-05 04:21:50 +0200},
	journal = {Proc. R. Soc. Lond.},
	pages = {313-321},
	title = {The dynamics of thin sheets of fluid. {III}. {D}isintegration of fluid sheets},
	volume = {253},
	year = {1959}}

@article{deka-2020-prf,
	author = {Deka, H. and Pierson, J.-{L}.},
	date-added = {2024-07-05 03:42:51 +0200},
	date-modified = {2024-07-05 03:42:51 +0200},
	journal = {Phys. Rev. Fluids},
	pages = {093603},
	title = {Revisiting the {T}aylor-{C}ulick approximation. {II}. {R}etraction of a viscous sheet},
	volume = {5},
	year = {2020}}

@article{pierson2020revisiting,
	author = {Pierson, J.-L. and Magnaudet, J. and Soares, E. J. and Popinet, S.},
	date-added = {2024-07-05 03:42:51 +0200},
	date-modified = {2024-07-05 04:22:08 +0200},
	journal = {Phys. Rev. Fluids},
	number = {7},
	pages = {073602},
	publisher = {APS},
	title = {Revisiting the Taylor-Culick approximation: Retraction of an axisymmetric filament},
	volume = {5},
	year = {2020}}

@article{taylor1973making,
	author = {Taylor, G. I. and Michael, D. H.},
	date-added = {2024-07-05 03:42:43 +0200},
	date-modified = {2024-07-05 04:20:38 +0200},
	journal = {J. Fluid Mech.},
	number = {4},
	pages = {625--639},
	publisher = {Cambridge University Press},
	title = {On making holes in a sheet of fluid},
	volume = {58},
	year = {1973}}

@article{longuet1972class,
	author = {Longuet-Higgins, M. S.},
	date-added = {2024-07-05 03:40:20 +0200},
	date-modified = {2024-07-20 15:41:17 +0200},
	journal = {J. Fluid Mech.},
	number = {3},
	pages = {529--543},
	publisher = {Cambridge University Press},
	title = {A class of exact, time-dependent, free-surface flows},
	volume = {55},
	year = {1972}}

@article{longuet1995critical,
	author = {Longuet-Higgins, M. S. and Oguz, H.},
	date-added = {2024-07-05 03:39:11 +0200},
	date-modified = {2024-07-20 15:44:38 +0200},
	journal = {J. Fluid Mech.},
	pages = {183--201},
	publisher = {Cambridge University Press},
	title = {Critical microjets in collapsing cavities},
	volume = {290},
	year = {1995}}

@article{longuet1997critical,
	author = {Longuet-Higgins, M. S. and Oguz, H. N.},
	date-added = {2024-07-05 03:39:11 +0200},
	date-modified = {2024-07-20 15:44:29 +0200},
	journal = {Philos. Trans. R. Soc. Lond., A, Math. Phys. Sci.},
	number = {1724},
	pages = {625--639},
	publisher = {The Royal Society},
	title = {Critical jets in surface waves and collapsing cavities},
	volume = {355},
	year = {1997}}

@article{kayal2022dimples,
	author = {Kayal, L. and Basak, S. and Dasgupta, R.},
	date-added = {2024-07-05 03:38:54 +0200},
	date-modified = {2024-07-20 15:44:48 +0200},
	journal = {J. Fluid Mech.},
	pages = {A26},
	publisher = {Cambridge University Press},
	title = {Dimples, jets and self-similarity in nonlinear capillary waves},
	volume = {951},
	year = {2022}}

@article{gordillo2020impulsive,
	author = {Gordillo, J. M. and Onuki, H. and Tagawa, Y.},
	date-added = {2024-07-05 03:38:17 +0200},
	date-modified = {2024-07-08 14:09:12 +0200},
	journal = {J. Fluid Mech.},
	publisher = {Cambridge University Press},
	title = {Impulsive generation of jets by flow focusing},
	volume = {894},
	year = {2020}}

@article{kayal2023jet,
	author = {Kayal, L. and Dasgupta, R.},
	date-added = {2024-07-05 03:38:06 +0200},
	date-modified = {2024-07-20 15:47:20 +0200},
	journal = {J. Fluid Mech.},
	pages = {A22},
	publisher = {Cambridge University Press},
	title = {Jet from a very large, axisymmetric, surface-gravity wave},
	volume = {975},
	year = {2023}}

@article{ghabache2014liquid,
	author = {Ghabache, {\'E}. and S{\'e}on, T. and Antkowiak, A.},
	date-added = {2024-07-05 03:37:53 +0200},
	date-modified = {2024-07-20 15:47:26 +0200},
	journal = {J. Fluid Mech.},
	pages = {206--219},
	publisher = {Cambridge University Press},
	title = {Liquid jet eruption from hollow relaxation},
	volume = {761},
	year = {2014}}

@article{deike2022mass,
	author = {Deike, L.},
	date-added = {2024-07-05 03:37:40 +0200},
	date-modified = {2024-07-05 03:37:40 +0200},
	journal = {Annu. Rev. Fluid Mech.},
	pages = {191--224},
	publisher = {Annual Reviews},
	title = {Mass transfer at the ocean--atmosphere interface: the role of wave breaking, droplets, and bubbles},
	volume = {54},
	year = {2022}}

@article{berny2020role,
	author = {Berny, A. and Deike, L. and S{\'e}on, T. and Popinet, S.},
	date-added = {2024-07-05 03:37:00 +0200},
	date-modified = {2024-07-05 03:37:00 +0200},
	journal = {Phys. Rev. Fluids},
	number = {3},
	pages = {033605},
	publisher = {APS},
	title = {Role of all jet drops in mass transfer from bursting bubbles},
	volume = {5},
	year = {2020}}

@article{eggers2018role,
	author = {Eggers, J.},
	date-added = {2024-07-05 03:36:51 +0200},
	date-modified = {2024-07-05 04:30:50 +0200},
	journal = {Phys. Rev. Fluids},
	number = {11},
	pages = {110503},
	publisher = {APS},
	title = {Role of singularities in hydrodynamics},
	volume = {3},
	year = {2018}}

@article{longuet2001vertical_2,
	author = {Longuet-Higgins, M. S. and Dommermuth, D. G.},
	date-added = {2024-07-05 03:35:42 +0200},
	date-modified = {2024-07-20 15:55:00 +0200},
	journal = {Proc. R. Soc. Lond. Ser. A Math. Phys. Eng. Sci.},
	number = {2013},
	pages = {2137--2149},
	publisher = {The Royal Society},
	title = {Vertical jets from standing waves. II},
	volume = {457},
	year = {2001}}

@article{longuet2001vertical,
	author = {Longuet-Higgins, M. S. and Dommermuth, D. G.},
	date-added = {2024-07-05 03:35:42 +0200},
	date-modified = {2024-07-20 15:55:07 +0200},
	journal = {Proc. R. Soc. Lond. Ser. A Math. Phys. Eng. Sci.},
	number = {2013},
	pages = {2137--2149},
	publisher = {The Royal Society},
	title = {Vertical jets from standing waves. II},
	volume = {457},
	year = {2001}}

@article{longuet2001vertical_1,
	author = {Longuet-Higgins, M. S.},
	date-added = {2024-07-05 03:35:42 +0200},
	date-modified = {2024-07-20 15:54:03 +0200},
	journal = {Proc. R. Soc. Lond. Ser. A Math. Phys. Eng. Sci.},
	number = {2006},
	pages = {495--510},
	publisher = {The Royal Society},
	title = {Vertical jets from standing waves},
	volume = {457},
	year = {2001}}

@article{lhuissier2012bursting,
	author = {Lhuissier, H. and Villermaux, E.},
	date-added = {2024-07-05 03:31:29 +0200},
	date-modified = {2024-07-05 04:20:57 +0200},
	journal = {J. Fluid Mech.},
	pages = {5--44},
	publisher = {Cambridge University Press},
	title = {Bursting bubble aerosols},
	volume = {696},
	year = {2012}}

@article{mason1954bursting,
	author = {Mason, B. J.},
	date-added = {2024-07-05 03:31:21 +0200},
	date-modified = {2024-07-05 03:31:21 +0200},
	journal = {Nature},
	number = {4427},
	pages = {470},
	publisher = {Nature Publishing Group},
	title = {Bursting of air bubbles at the surface of sea water},
	volume = {174},
	year = {1954}}

@article{toba1959drop,
	author = {Toba, Y.},
	date-added = {2024-07-05 03:30:58 +0200},
	date-modified = {2024-07-05 04:32:24 +0200},
	journal = {J. Oceanogr. Soc. Jpn.},
	number = {3},
	pages = {121--130},
	publisher = {The Oceanographic Society of Japan},
	title = {Drop production by bursting of air bubbles on the sea surface (II) theoretical study on the shape of floating bubbles},
	volume = {15},
	year = {1959}}

@article{gekle2009high,
	author = {Gekle, Stephan and Gordillo, Jos{\'e} Manuel and {van der Meer}, Devaraj and Lohse, Detlef},
	date-added = {2024-07-05 03:30:47 +0200},
	date-modified = {2024-08-10 16:00:16 +0200},
	journal = {Phys. Rev. Lett.},
	number = {3},
	pages = {034502},
	publisher = {APS},
	title = {High-speed jet formation after solid object impact},
	volume = {102},
	year = {2009}}

@article{lohse2004impact,
	author = {Lohse, D. and Bergmann, R. and Mikkelsen, R. and Zeilstra, C. and {van der Meer}, D. and Versluis, M. and {van der Weele}, K. and {van der Hoef}, M. and Kuipers, H.},
	date-added = {2024-07-05 03:30:42 +0200},
	date-modified = {2024-08-10 16:01:07 +0200},
	journal = {Phys. Rev. Lett.},
	number = {19},
	pages = {198003},
	publisher = {APS},
	title = {Impact on soft sand: void collapse and jet formation},
	volume = {93},
	year = {2004}}

@misc{deserno2004notes,
	author = {Deserno, M.},
	date-added = {2024-07-05 03:30:12 +0200},
	date-modified = {2024-07-19 22:30:17 +0200},
	howpublished = {\url{https://www.cmu.edu/biolphys/deserno/pdf/diff_geom.pdf} (Last accessed: March 31, 2021)},
	title = {Notes on differential geometry},
	year = {2004}}

@article{singh2019numerical,
	author = {Singh, D. and Das, A. K.},
	date-added = {2024-07-05 03:30:09 +0200},
	date-modified = {2024-07-05 04:31:00 +0200},
	journal = {Phys. Rev. Fluids},
	number = {2},
	pages = {023602},
	publisher = {APS},
	title = {Numerical investigation of the collapse of a static bubble at the free surface in the presence of neighbors},
	volume = {4},
	year = {2019}}

@article{popinet2018numerical,
	author = {Popinet, S.},
	date-added = {2024-07-05 03:30:04 +0200},
	date-modified = {2024-07-05 04:32:49 +0200},
	journal = {Annu. Rev. Fluid Mech.},
	pages = {49--75},
	publisher = {Annual Reviews},
	title = {Numerical models of surface tension},
	volume = {50},
	year = {2018}}

@article{ghabache2014physics,
	author = {Ghabache, E. and Antkowiak, A. and Josserand, C. and S{\'e}on, T.},
	date-added = {2024-07-05 03:29:58 +0200},
	date-modified = {2024-07-05 04:30:38 +0200},
	journal = {Phys. Fluids},
	number = {12},
	pages = {121701},
	publisher = {AIP Publishing},
	title = {On the physics of fizziness: How bubble bursting controls droplets ejection},
	volume = {26},
	year = {2014}}

@article{krishnan2017scaling,
	author = {Krishnan, S. and Hopfinger, E. J. and Puthenveettil, B. A.},
	date-added = {2024-07-05 03:29:52 +0200},
	date-modified = {2024-07-05 04:21:09 +0200},
	journal = {J. Fluid Mech.},
	pages = {791},
	publisher = {Cambridge University Press},
	title = {On the scaling of jetting from bubble collapse at a liquid surface},
	volume = {822},
	year = {2017}}

@article{walls2017quantifying,
	author = {Walls, P. L. L. and McRae, O. and Natarajan, V. and Johnson, C. and Antoniou, C. and Bird, J. C.},
	date-added = {2024-07-05 03:29:35 +0200},
	date-modified = {2024-07-05 04:24:14 +0200},
	journal = {Sci. Rep.},
	number = {1},
	pages = {15102},
	publisher = {Nature Publishing Group},
	title = {Quantifying the potential for bursting bubbles to damage suspended cells},
	volume = {7},
	year = {2017}}

@article{vignes2013fizzling,
	author = {Vignes-Adler, M.},
	date-added = {2024-07-05 03:28:39 +0200},
	date-modified = {2024-07-05 04:33:45 +0200},
	journal = {Angew. Chem. Int. Ed.},
	number = {1},
	pages = {187--190},
	publisher = {Wiley Online Library},
	title = {The fizzling foam of champagne},
	volume = {52},
	year = {2013}}

@article{liger2005physics,
	author = {Liger-Belair, G.},
	date-added = {2024-07-05 03:28:26 +0200},
	date-modified = {2024-07-05 04:31:37 +0200},
	journal = {J. Agric. Food Chem},
	number = {8},
	pages = {2788--2802},
	publisher = {ACS Publications},
	title = {The physics and chemistry behind the bubbling properties of champagne and sparkling wines: a state-of-the-art review},
	volume = {53},
	year = {2005}}

@article{liger2012physics,
	author = {Liger-Belair, G.},
	date-added = {2024-07-05 03:28:20 +0200},
	date-modified = {2024-07-05 03:51:03 +0200},
	journal = {Eur. Phys. J. Spec. Top.},
	number = {1},
	pages = {1--88},
	publisher = {Springer},
	title = {The physics behind the fizz in champagne and sparkling wines},
	volume = {201},
	year = {2012}}

@article{berny2021statistics,
	author = {Berny, A. and Popinet, S. and S{\'e}on, T. and Deike, L.},
	date-added = {2024-07-05 03:26:58 +0200},
	date-modified = {2024-07-05 03:26:58 +0200},
	journal = {Geophys. Res. Lett.},
	number = {10},
	pages = {e2021GL092919},
	publisher = {Wiley Online Library},
	title = {Statistics of jet drop production},
	volume = {48},
	year = {2021}}

@article{kooij2018determines,
	author = {Kooij, S. and Sijs, R. and Denn, M. M. and Villermaux, E. and Bonn, D.},
	date-added = {2024-07-05 03:26:06 +0200},
	date-modified = {2024-07-05 03:26:06 +0200},
	journal = {Phys. Rev. X},
	number = {3},
	pages = {031019},
	publisher = {APS},
	title = {What determines the drop size in sprays?},
	volume = {8},
	year = {2018}}

@article{lohse-2020-pnas,
	author = {Lohse, D. and Villermaux, E.},
	date-added = {2024-07-05 03:25:47 +0200},
	date-modified = {2024-07-05 03:25:47 +0200},
	journal = {Proc. Natl. Acad. Sci. U.S.A.},
	pages = {18912-18914},
	title = {Double threshold behavior for breakup of liquid sheets},
	volume = {117},
	year = {2020}}

@article{Lohse2018,
	author = {Lohse, D.},
	date-added = {2024-07-05 03:25:39 +0200},
	date-modified = {2024-07-05 03:25:39 +0200},
	journal = {Phys. Rev. Fluids.},
	number = {11},
	pages = {110504},
	publisher = {APS},
	title = {Bubble puzzles: From fundamentals to applications},
	volume = {3},
	year = {2018}}

@article{lohse2022fundamental,
	author = {Lohse, D.},
	date-added = {2024-07-05 03:25:33 +0200},
	date-modified = {2024-07-05 04:32:57 +0200},
	journal = {Annu. Rev. Fluid Mech.},
	pages = {349-382},
	publisher = {Annual Reviews},
	title = {Fundamental fluid dynamics challenges in inkjet printing},
	volume = {54},
	year = {2022}}

@article{sanjay-2022-JFM,
	author = {Sanjay, V. and Sen, U. and Kant, P. and Lohse, D.},
	date-added = {2024-07-05 03:24:55 +0200},
	date-modified = {2024-07-05 04:20:01 +0200},
	journal = {J. Fluid Mech.},
	pages = {A14},
	title = {Taylor-{C}ulick retractions and the influence of the surroundings},
	volume = {948},
	year = {2022}}

@article{smith-2010-prl,
	author = {Smith, M. I. and Bertola, V.},
	date-added = {2024-07-05 03:24:38 +0200},
	date-modified = {2024-07-05 03:24:38 +0200},
	journal = {Phys. Rev. Lett.},
	pages = {154502},
	title = {Effect of polymer additives on the wetting of impacting droplets},
	volume = {104},
	year = {2010}}

@book{tryggvason2011direct,
	author = {Tryggvason, G. and Scardovelli, R. and Zaleski, S.},
	date-added = {2024-07-05 03:24:18 +0200},
	date-modified = {2024-07-05 03:24:18 +0200},
	publisher = {Cambridge University Press},
	title = {{Direct} {Numerical} {Simulations} of {Gas}--{Liquid} {Multiphase} {Flows}},
	year = {2011}}

@phdthesis{VatsalThesis,
	author = {V. Sanjay},
	date-added = {2024-07-05 03:24:11 +0200},
	date-modified = {2024-07-20 15:55:52 +0200},
	doi = {10.3990/1.9789036554077},
	school = {University of Twente},
	title = {{Viscous Free-Surface Flows}},
	year = {2022},
	bdsk-url-1 = {https://doi.org/10.3990/1.9789036554077}}

@article{villermaux2020fragmentation,
	author = {Villermaux, E.},
	date-added = {2024-07-05 03:24:05 +0200},
	date-modified = {2024-07-05 04:21:03 +0200},
	journal = {J. Fluid Mech.},
	pages = {P1},
	publisher = {Cambridge University Press},
	title = {Fragmentation versus cohesion},
	volume = {898},
	year = {2020}}

@article{villermaux2022bubbles,
	author = {Villermaux, E. and Wang, X. and Deike, L.},
	date-added = {2024-07-05 03:23:57 +0200},
	date-modified = {2024-07-05 03:23:57 +0200},
	journal = {{Proc. Natl. Acad. Sci. Nexus}},
	number = {5},
	pages = {pgac261},
	publisher = {Oxford University Press},
	title = {Bubbles spray aerosols: certitudes and mysteries},
	volume = {1},
	year = {2022}}

@article{woodcock1953giant,
	author = {Woodcock, A. H. and Kientzler, C. F. and Arons, A. B. and Blanchard, D. C.},
	date-added = {2024-07-05 03:23:41 +0200},
	date-modified = {2024-07-05 03:23:41 +0200},
	journal = {Nature},
	number = {4390},
	pages = {1144--1145},
	publisher = {Nature Publishing Group},
	title = {Giant condensation nuclei from bursting bubbles},
	volume = {172},
	year = {1953}}

@article{gorin2022universal,
	author = {Gorin, B. and {Di Mauro}, G. and Bonn, D. and Kellay, H.},
	journal = {Langmuir},
	number = {8},
	pages = {2608--2613},
	publisher = {ACS Publications},
	title = {Universal aspects of droplet spreading dynamics in Newtonian and non-Newtonian Fluids},
	volume = {38},
	year = {2022}}

@article{bourouiba2021fluid,
	author = {Bourouiba, L.},
	date-modified = {2024-07-20 15:52:28 +0200},
	journal = {Annu. Rev. Fluid Mech.},
	pages = {473--508},
	publisher = {Annual Reviews},
	title = {The fluid dynamics of disease transmission},
	volume = {53},
	year = {2021}}

@article{de2011production,
	author = {{de Leeuw}, G. and Andreas, E. L. and Anguelova, M. D. and Fairall, C. W. and Lewis, E. R. and O'Dowd, C. and Schulz, M. and Schwartz, S. E.},
	date-modified = {2024-07-05 04:29:46 +0200},
	journal = {Rev. Geophys.},
	number = {2},
	publisher = {Wiley Online Library},
	title = {Production flux of sea spray aerosol},
	volume = {49},
	year = {2011}}

@article{liger2008recent,
	author = {Liger-Belair, G. and Polidori, G. and Jeandet, P.},
	date-modified = {2024-07-20 15:49:03 +0200},
	journal = {Chem. Soc. Rev.},
	number = {11},
	pages = {2490--2511},
	publisher = {Royal Society of Chemistry},
	title = {Recent advances in the science of champagne bubbles},
	volume = {37},
	year = {2008}}

@article{gonnermann2007fluid,
	author = {Gonnermann, H. M. and Manga, M.},
	date-modified = {2024-07-19 22:35:10 +0200},
	journal = {Annu. Rev. Fluid Mech.},
	pages = {321--356},
	publisher = {Annual Reviews},
	title = {The fluid mechanics inside a volcano},
	volume = {39},
	year = {2007}}

@article{boulton1993gas,
	author = {Boulton-Stone, J. M. and Blake, J. R.},
	date-modified = {2024-07-20 15:46:40 +0200},
	journal = {J. Fluid Mech.},
	pages = {437--466},
	publisher = {Cambridge University Press},
	title = {Gas bubbles bursting at a free surface},
	volume = {254},
	year = {1993}}

@article{kientzler1954photographic,
	author = {Kientzler, C. F. and Arons, A. B. and Blanchard, D. C. and Woodcock, A. H.},
	date-modified = {2024-07-05 04:23:01 +0200},
	journal = {Tellus},
	number = {1},
	pages = {1--7},
	publisher = {Taylor \& Francis},
	title = {Photographic investigation of the projection of droplets by bubbles bursting at a water surface},
	volume = {6},
	year = {1954}}

@article{macintyre1972flow,
	author = {MacIntyre, F.},
	date-modified = {2024-07-20 15:46:21 +0200},
	journal = {J. Geophys. Res.},
	number = {27},
	pages = {5211--5228},
	publisher = {Wiley Online Library},
	title = {Flow patterns in breaking bubbles},
	volume = {77},
	year = {1972}}

@article{duchemin2002jet,
	author = {Duchemin, L. and Popinet, S. and Josserand, C. and Zaleski, S.},
	date-modified = {2024-07-08 14:10:11 +0200},
	journal = {Phys. Fluids},
	number = {9},
	pages = {3000--3008},
	publisher = {American Institute of Physics},
	title = {Jet formation in bubbles bursting at a free surface},
	volume = {14},
	year = {2002}}

@article{deike2018dynamics,
	author = {Deike, L. and Ghabache, E. and Liger-Belair, G. and Das, A. K. and Zaleski, S. and Popinet, S. and S{\'e}on, T.},
	date-modified = {2024-07-20 15:45:23 +0200},
	journal = {Phys. Rev. Fluids},
	number = {1},
	pages = {013603},
	publisher = {APS},
	title = {Dynamics of jets produced by bursting bubbles},
	volume = {3},
	year = {2018}}

@article{blanco2020sea,
	author = {Blanco-Rodr{\'\i}guez, F. J. and Gordillo, J. M.},
	date-modified = {2024-07-20 15:48:36 +0200},
	journal = {J. Fluid Mech.},
	pages = {R2},
	publisher = {Cambridge University Press},
	title = {On the sea spray aerosol originated from bubble bursting jets},
	volume = {886},
	year = {2020}}

@article{gordillo2019capillary,
	author = {Gordillo, J. M. and Rodr{\'\i}guez-Rodr{\'\i}guez, J.},
	date-modified = {2024-07-20 15:43:18 +0200},
	journal = {J. Fluid Mech.},
	pages = {556--571},
	publisher = {Cambridge University Press},
	title = {Capillary waves control the ejection of bubble bursting jets},
	volume = {867},
	year = {2019}}

@article{ganan2017revision,
	author = {Ga{\~n}{\'a}n-Calvo, A. M.},
	date-modified = {2024-07-20 15:49:24 +0200},
	journal = {Phys. Rev. Lett.},
	number = {20},
	pages = {204502},
	publisher = {APS},
	title = {Revision of bubble bursting: Universal scaling laws of top jet drop size and speed},
	volume = {119},
	year = {2017}}

@article{keller1995blob,
	author = {Keller, J. B. and King, A. and Ting, L.},
	date-modified = {2024-07-20 15:42:32 +0200},
	journal = {Phys. Fluids},
	number = {1},
	pages = {226--228},
	publisher = {American Institute of Physics},
	title = {Blob formation},
	volume = {7},
	year = {1995}}

@article{stone1989relaxation,
	author = {Stone, H. A. and Leal, L. G.},
	date-modified = {2024-07-20 15:49:12 +0200},
	journal = {J. Fluid Mech.},
	pages = {399--427},
	publisher = {Cambridge University Press},
	title = {Relaxation and breakup of an initially extended drop in an otherwise quiescent fluid},
	volume = {198},
	year = {1989}}

@article{ghabache2016size,
	author = {Ghabache, {\'E}. and S{\'e}on, T.},
	date-modified = {2024-07-20 15:50:33 +0200},
	journal = {Phys. Rev. Fluids},
	number = {5},
	pages = {051901},
	publisher = {APS},
	title = {Size of the top jet drop produced by bubble bursting},
	volume = {1},
	year = {2016}}

@article{walls2015jet,
	author = {Walls, P. L. L. and Henaux, L. and Bird, J. C.},
	date-modified = {2024-07-15 22:44:21 +0200},
	journal = {Phys. Rev. E},
	number = {2},
	pages = {021002},
	publisher = {APS},
	title = {Jet drops from bursting bubbles: How gravity and viscosity couple to inhibit droplet production},
	volume = {92},
	year = {2015}}

@article{lee2011size,
	author = {Lee, J. S. and Weon, B. M. and Park, S. J. and Je, J. H. and Fezzaa, K. and Lee, W. K.},
	date-modified = {2024-07-06 16:31:30 +0200},
	journal = {Nat. Commun.},
	number = {1},
	pages = {367},
	publisher = {Nature Publishing Group UK London},
	title = {Size limits the formation of liquid jets during bubble bursting},
	volume = {2},
	year = {2011}}

@article{gordillo2023theory,
	author = {Gordillo, J. M. and Blanco-Rodr{\'\i}guez, F. J.},
	date-modified = {2024-07-20 15:53:04 +0200},
	journal = {Phys. Rev. Fluids},
	number = {7},
	pages = {073606},
	publisher = {APS},
	title = {Theory of the jets ejected after the inertial collapse of cavities with applications to bubble bursting jets},
	volume = {8},
	year = {2023}}

@article{sanjay2021bursting,
	author = {Sanjay, V. and Lohse, D. and Jalaal, M.},
	date-modified = {2024-07-09 21:02:17 +0200},
	journal = {J. Fluid Mech.},
	pages = {A2},
	publisher = {Cambridge University Press},
	title = {Bursting bubble in a viscoplastic medium},
	volume = {922},
	year = {2021}}

@article{ji2023secondary,
	author = {Ji, B. and Yang, Z. and Wang, Z. and Ewoldt, R. H. and Feng, J.},
	date-modified = {2024-07-20 15:49:53 +0200},
	journal = {Phys. Rev. Lett.},
	number = {10},
	pages = {104002},
	publisher = {APS},
	title = {Secondary Bubble Entrainment via Primary Bubble Bursting at a Viscoelastic Surface},
	volume = {131},
	year = {2023}}

@article{rodriguez2023bubble,
	author = {Rodr{\'\i}guez-D{\'\i}az, P. and Rubio, A. and Montanero, J. M. and Ga{\~n}{\'a}n-Calvo, A. M. and Cabezas, M. G.},
	date-modified = {2024-07-20 15:42:38 +0200},
	journal = {Phys. Fluids},
	number = {10},
	publisher = {AIP Publishing},
	title = {Bubble bursting in a weakly viscoelastic liquid},
	volume = {35},
	year = {2023}}

@book{bird1977dynamics,
	author = {Bird, R. R. and Armstrong, R. C. and Hassager, O.},
	date-modified = {2024-07-19 22:26:45 +0200},
	publisher = {Wiley},
	title = {Dynamics of Polymeric Liquids, Volume 1: Fluid Mechanics},
	year = {1977}}

@article{fattal2004constitutive,
	author = {Fattal, R. and Kupferman, R.},
	date-modified = {2024-07-20 15:44:09 +0200},
	journal = {J. Non-Newtonian Fluid Mech.},
	number = {2-3},
	pages = {281--285},
	publisher = {Elsevier},
	title = {Constitutive laws for the matrix-logarithm of the conformation tensor},
	volume = {123},
	year = {2004}}

@article{popinet2015quadtree,
	author = {Popinet, S.},
	date-modified = {2024-07-20 15:41:51 +0200},
	journal = {J. Comput. Phys.},
	pages = {336--358},
	publisher = {Elsevier},
	title = {A quadtree-adaptive multigrid solver for the Serre--Green--Naghdi equations},
	volume = {302},
	year = {2015}}

@misc{basilliskpopinet,
	author = {Popinet, S. and {collaborators}},
	date-modified = {2024-07-05 03:51:31 +0200},
	howpublished = {\url{http://basilisk.fr} (Last accessed: June, 2024)},
	title = {Basilisk {C}},
	year = {2013--2024}}

@article{popinet2009accurate,
	author = {Popinet, S.},
	date-modified = {2024-07-20 15:42:06 +0200},
	journal = {J. Comput. Phys.},
	number = {16},
	pages = {5838--5866},
	publisher = {Elsevier},
	title = {An accurate adaptive solver for surface-tension-driven interfacial flows},
	volume = {228},
	year = {2009}}

@article{brackbill1992continuum,
	author = {Brackbill, J. U. and Kothe, D. B. and Zemach, C.},
	date-modified = {2024-07-20 15:41:31 +0200},
	journal = {J. Comput. Phys.},
	number = {2},
	pages = {335--354},
	publisher = {Elsevier},
	title = {A continuum method for modeling surface tension},
	volume = {100},
	year = {1992}}

@article{stuhlman1932mechanics,
	author = {{Stuhlman Jr}, O.},
	date-modified = {2024-07-05 04:07:26 +0200},
	journal = {Physics},
	number = {6},
	pages = {457--466},
	publisher = {American Institute of Physics},
	title = {The mechanics of effervescence},
	volume = {2},
	year = {1932}}

@article{oldroyd1950formulation,
	author = {Oldroyd, J. G.},
	date-modified = {2024-07-12 08:30:21 +0200},
	journal = {Proc. R. Soc. Lond.},
	number = {1063},
	pages = {523--541},
	publisher = {The Royal Society London},
	title = {On the formulation of rheological equations of state},
	volume = {200},
	year = {1950}}

@misc{Sanjay2024code,
	author = {Sanjay, V. and Dixit, A. K.},
	date-modified = {2024-12-10 05:02:09 +0100},
	howpublished = {\href{https://doi.org/10.5281/zenodo.14349207}{10.5281/zenodo.14349207}},
	title = {Code repository: {Viscoelastic Worthington Jets \& Droplets Produced by Bursting Bubbles}},
	year = {2024}}

@article{hosokawa2023phase,
	author = {Hosokawa, A. and Kamamoto, K. and Watanabe, H. and Kusuno, H. and Kobayashi, K. U. and Tagawa, Y.},
	date-modified = {2024-07-19 22:22:06 +0200},
	journal = {arXiv preprint arXiv:2309.01364},
	title = {A phase diagram of the pinch-off-type behavior of impulsively-induced viscoelastic liquid jets},
	year = {2023}}

@article{clasen2006beads,
	author = {Clasen, C. and Eggers, J. and Fontelos, M. A. and Li, J. and McKinley, G. H.},
	date-modified = {2024-07-20 15:50:58 +0200},
	journal = {J. Fluid Mech.},
	pages = {283--308},
	publisher = {Cambridge University Press},
	title = {The beads-on-string structure of viscoelastic threads},
	volume = {556},
	year = {2006}}

@article{zinelis2023transition,
	author = {Zinelis, K. and Abadie, T. and McKinley, G. H. and Matar, O. K.},
	date-modified = {2024-12-08 17:47:25 +0100},
	journal = {J. Fluid Mech.},
	pages = {A4},
	title = {Transition to elasto-capillary thinning dynamics in viscoelastic jets},
	volume = {998},
	year = {2024}}

@book{eggers2015singularities,
	author = {Eggers, J. and Fontelos, M. A.},
	date-modified = {2024-07-19 22:33:34 +0200},
	publisher = {Cambridge University Press},
	title = {Singularities: formation, structure, and propagation},
	volume = {53},
	year = {2015}}

@article{boyko2024flow,
	author = {Boyko, E. and Hinch, J. and Stone, H. A.},
	date-modified = {2024-07-16 21:43:28 +0200},
	journal = {J. Fluid Mech.},
	pages = {A10},
	publisher = {Cambridge University Press},
	title = {Flow of an Oldroyd-B fluid in a slowly varying contraction: theoretical results for arbitrary values of Deborah number in the ultra-dilute limit},
	volume = {988},
	year = {2024}}

@article{snoeijer2020relationship,
	author = {Snoeijer, J. H. and Pandey, A. and Herrada, M. A. and Eggers, J.},
	date-modified = {2024-07-20 15:52:52 +0200},
	journal = {Proc. R. Soc. A},
	number = {2243},
	pages = {20200419},
	publisher = {The Royal Society Publishing},
	title = {The relationship between viscoelasticity and elasticity},
	volume = {476},
	year = {2020}}

@article{stone2023note,
	author = {Stone, H. A. and Shelley, M. J. and Boyko, E.},
	date-modified = {2024-07-16 21:43:07 +0200},
	journal = {{Soft Matter}},
	number = {28},
	pages = {5353--5359},
	publisher = {Royal Society of Chemistry},
	title = {A note about convected time derivatives for flows of complex fluids},
	volume = {19},
	year = {2023}}
